@book{WuChen08,
  author={Chen, Yixiang and Wu, Hengyang},
  title={Domain Semantics of Possibility Computations},
  year={2008}
}
@book{WuChen12,
  author={Wu, Hengyang and Chen, Yixiang},
  title={Semantics of Non–Deterministic Possibility
Computation},
  year={2012}
}
@book{WuChen11,
  author={Wu, Hengyang and Chen, Yixiang},
  title={The Semantics of wlp and slp of Fuzzy Imperative
Programming Languages},
  year={2011}
}
@book{PuriRal86,
  author={Puri, Madan L. and Ralescu, Dan A.},
  title={Fuzzy Random Variables},
  year={1986}
}
@book{Shapiro09,
  author={Shapiro, Arnold F.},
  title={Fuzzy Random Variables},
  year={2009}
}
@book{Dijkstra76,
  author={Dijkstra, E.W.},
  title={A Discipline of Programming},
  year={1976}
}
@book{McIver05,
  author={McIver, Annabelle and Morgan, Carroll},
  title={Abstraction, Refinement and Proof for Probabilistic Systems},
  year={2005}
}
@book{Agarwal15,
  author={Agarwal, Parul and Nayal, H.S.},
  title={Possibility Theory versus Probability Theory in Fuzzy Measure Theory},
  year={2015}
}
@book{Bueno93,
  author={Morales-Bueno, Rafael and Conejo, Ricardo and Pérez de la Cruz, José Luis and Clares, Buenaventura},
  title={An elementary fuzzy programming language},
  year={1993}
}
@book{Bueno97,
  author={Morales-Bueno, Rafael and Pérez de la Cruz, José Luis and Conejo, Ricardo and Clares, Buenaventura},
  title={A family of fuzzy programming languages},
  year={1997}
}
@book{Rabin77,
  author={Rabin, Michael O.},
  title={Probabilistic Algorithm for Testing Primality},
  year={1977}
}
@book{SolovayStrassen77,
  author={Solovay, Robert.M and Strassen, Volker},
  title={A fast Monte-Carlo test for primality},
  year={1977}
}
@book{Berlekamp67,
  author={Berlekamp, Elwyn R.},
  title={Factoring Polynomials Over Finite Fields},
  year={1967}
}
@book{Ramanathan04,
  author={Ramanathan, Murali Krishna and Ferreira, Ronaldo A. and Jagannathan, Suresh and Grama, Ananth Y.},
  title={Randomized Leader Election},
  year={2004}
}
@book{Freivalds77,
  author={Freivalds, R.},
  title={Probabilistic Machines Can Use Less Running Time},
  year={1977}
}
@book{Hoare61,
  author={Hoare, C.A.R.},
  title={Algorithm 64: Quicksort},
  year={1961}
}
@book{Tix09,
  author={Tix, Regina and Keimel, Klaus and Plotkin, Gordon},
  title={Semantics Domain for Combining Probability and Non-Determinism},
  year={2009}
}
@book{Holzmann97,
  author={Holzmann, Gerard J.},
  title={The Model Checker Spin},
  year={1997}
}
@book{Stoltenberg94,
  author={Stoltenberg-Hansen, V. and Lindstrom, I. and Griffor, E. R.},
  year={1994},
  title={Mathematical Theory of Domains}
}
@book{Stoy77,
  author={Stoy, Joseph E.},
  year={1977},
  title={Denotational Semantics: The Scott-Strachey Approach to Programming Language Theory}
}
@book{Moons13,
  author={Moons, Filip},
  year={2013},
  title={The Scott Topology (Bachelor Thesis II)}
}
@book{BackWright97,
  author={Back, Ralph-Johan and von Wright, Joakim},
  title={Refinement Calculus: A Systematic Introduction},
  year={1997}
}
@book{Gierz80,
  author={Gierz, G. and Hofmann, K.H. and Keimel, K. and Lawson, J.D. and Mislove, M.W. and Scott, D.S.},
  title={A Compendium of Continuous Lattices},
  year={1980}
}
@book{Loeckx87,
  author={Loeckx, Jacques and Sieber, Kurt},
  title={The Foundations of Program Verification, 2nd Edition},
  year={1987}
}
@book{Kaminski16,
  author={Kaminski, Benjamin Lucien and Katoen, Joost-Pieter and Matheja, Christoph and Olmedo, Federico},
  title={Weakest Precondition Reasoning for Expected Run-Times of Probabilistic Programs},
  year={2016}
}
@book{Winskel93,
  author={Winskel, Glynn},
  title={The Formal Semantics of Programming Languages},
  year={1993}
}